@article{pythia18arxiv,
  title =        {Pythia v0.1: the Winning Entry to the VQA Challenge 2018},
  author =       {{Yu Jiang*} and {Vivek Natarajan*} and {Xinlei Chen*} and Marcus Rohrbach and Dhruv Batra and Devi Parikh},
  journal =      {arXiv preprint arXiv:1807.09956},
  year =         {2018}
}

@InProceedings{Szegedy_2015_CVPR,
author = {Szegedy, Christian and Liu, Wei and Jia, Yangqing and Sermanet, Pierre and Reed, Scott and Anguelov, Dragomir and Erhan, Dumitru and Vanhoucke, Vincent and Rabinovich, Andrew},
title = {Going Deeper With Convolutions},
booktitle = {The IEEE Conference on Computer Vision and Pattern Recognition (CVPR)},
month = {June},
year = {2015}
}